<?xml version="1.0" encoding="UTF-8"?>
<collection xmlns:xsi="http://www.w3.org/2001/XMLSchema-instance" xsi:schemaLocation="http://www.loc.gov/MARC21/slim http://www.loc.gov/standards/marcxml/schema/MARC21slim.xsd" xmlns="http://www.loc.gov/MARC21/slim">
<record>
  <leader>01006cam a2200253   4500</leader>
  <controlfield tag="001">3054855</controlfield>
  <controlfield tag="003">NNC</controlfield>
  <controlfield tag="005">20130520200752.0</controlfield>
  <controlfield tag="008">960110s1963    sy            000 0 araod</controlfield>
  <datafield tag="035" ind1=" " ind2=" ">
    <subfield code="a">(OCoLC)ocm34014233</subfield>
  </datafield>
  <datafield tag="035" ind1=" " ind2=" ">
    <subfield code="9">ATM2951CU</subfield>
  </datafield>
  <datafield tag="035" ind1=" " ind2=" ">
    <subfield code="a">(NNC)3054855</subfield>
  </datafield>
  <datafield tag="035" ind1=" " ind2=" ">
    <subfield code="a">3054855</subfield>
  </datafield>
  <datafield tag="040" ind1=" " ind2=" ">
    <subfield code="a">CUY</subfield>
    <subfield code="c">CUY</subfield>
    <subfield code="d">CGU</subfield>
    <subfield code="d">ZCU</subfield>
  </datafield>
  <datafield tag="099" ind1=" " ind2=" ">
    <subfield code="a">893.795</subfield>
    <subfield code="a">M894</subfield>
  </datafield>
  <datafield tag="100" ind1="0" ind2=" ">
    <subfield code="a">Muḥammad ʻAbd al-Ḥayy,</subfield>
    <subfield code="d">1848-1886 or 1887.</subfield>
  </datafield>
  <datafield tag="245" ind1="1" ind2="3">
    <subfield code="a">al-Rafʾ wa-al-takmīl fī al-jarḥ wa-al-taʻdīl /</subfield>
    <subfield code="c">lil-imām Abī al-Ḥasanāt Muḥammad ʻAbd al-Ḥayy al-Laknawī al-Hindī ; ḥaqqaqahu wa-kharraja nuṣūṣahu wa-ʻallaqa ʻalayhi ʻAbd al-Fattāḥ Abū Ghuddah.</subfield>
  </datafield>
  <datafield tag="260" ind1=" " ind2=" ">
    <subfield code="a">Ḥalab :</subfield>
    <subfield code="b">Maktab al-Maṭbūʻāt al-Islāmīyah,</subfield>
    <subfield code="c">[1963/1964]</subfield>
  </datafield>
  <datafield tag="300" ind1=" " ind2=" ">
    <subfield code="a">32, 272 p.</subfield>
  </datafield>
  <datafield tag="490" ind1="1" ind2=" ">
    <subfield code="a">Muʾallafāt al-imām al-Laknawī ;</subfield>
    <subfield code="v">1</subfield>
  </datafield>
  <datafield tag="650" ind1=" " ind2="0">
    <subfield code="a">Hadith</subfield>
    <subfield code="x">Criticism, interpretation, etc.</subfield>
  </datafield>
  <datafield tag="700" ind1="1" ind2=" ">
    <subfield code="a">Abū Ghuddah, ʻAbd al-Fattāḥ.</subfield>
  </datafield>
  <datafield tag="830" ind1=" " ind2="0">
    <subfield code="a">Muʼallafāt al-imām al-Laknawī ;</subfield>
    <subfield code="v">1.</subfield>
  </datafield>
  <datafield tag="955" ind1=" " ind2=" ">
    <subfield code="b">CU58828699</subfield>
    <subfield code="d">off,glx</subfield>
    <subfield code="e">893.795 M894</subfield>
  </datafield>
</record>
</collection>